<record><leader>00000cas a2200000 a 4500</leader><controlfield tag="001">10198052</controlfield><controlfield tag="008">831207u1959uuuuohuer ne      0   a0eng d</controlfield><datafield ind1=" " ind2=" " tag="010"><subfield code="a">sn 84025696 </subfield></datafield><datafield ind1=" " ind2=" " tag="040"><subfield code="a">WIH</subfield><subfield code="b">eng</subfield><subfield code="c">WIH</subfield><subfield code="d">NPV</subfield><subfield code="d">ONP</subfield><subfield code="d">OCL</subfield><subfield code="d">OCLCQ</subfield><subfield code="d">OCLCF</subfield><subfield code="d">OCLCO</subfield></datafield><datafield ind1=" " ind2=" " tag="042"><subfield code="a">msc</subfield></datafield><datafield ind1=" " ind2=" " tag="043"><subfield code="a">n-us-oh</subfield></datafield><datafield ind1=" " ind2=" " tag="045"><subfield code="a">x5x-</subfield></datafield><datafield ind1=" " ind2=" " tag="052"><subfield code="a">4083</subfield><subfield code="b">M65</subfield></datafield><datafield ind1="0" ind2="0" tag="245"><subfield code="a">Dayton AFL-CIO news.</subfield></datafield><datafield ind1=" " ind2=" " tag="260"><subfield code="a">Dayton, Ohio :</subfield><subfield code="b">Press Pub. Co.,</subfield><subfield code="c">1959-</subfield></datafield><datafield ind1=" " ind2=" " tag="300"><subfield code="a">v. :</subfield><subfield code="b">ill.</subfield></datafield><datafield ind1=" " ind2=" " tag="310"><subfield code="a">Biweekly</subfield></datafield><datafield ind1="0" ind2=" " tag="362"><subfield code="a">Vol. 16, no. 15 (Oct. 23/Nov. 15 1959)-</subfield></datafield><datafield ind1=" " ind2=" " tag="500"><subfield code="a">Editor: James L. Troester.</subfield></datafield><datafield ind1=" " ind2=" " tag="515"><subfield code="a">1st issue also designated: Vol. [1], no. 1.</subfield></datafield><datafield ind1=" " ind2=" " tag="530"><subfield code="a">Available on microfilm from the State Historical Society of Wisconsin.</subfield></datafield><datafield ind1=" " ind2="0" tag="650"><subfield code="a">Labor unions</subfield><subfield code="z">Ohio</subfield><subfield code="z">Dayton.</subfield></datafield><datafield ind1=" " ind2="7" tag="650"><subfield code="a">Labor unions.</subfield><subfield code="2">fast</subfield><subfield code="0">(OCoLC)fst00990260</subfield></datafield><datafield ind1=" " ind2="7" tag="651"><subfield code="a">Ohio</subfield><subfield code="z">Dayton.</subfield><subfield code="2">fast</subfield><subfield code="0">(OCoLC)fst01204702</subfield></datafield><datafield ind1="1" ind2=" " tag="700"><subfield code="a">Troester, James L.</subfield></datafield><datafield ind1=" " ind2=" " tag="752"><subfield code="a">United States</subfield><subfield code="b">Ohio</subfield><subfield code="c">Montomery</subfield><subfield code="d">Dayton.</subfield></datafield><datafield ind1="0" ind2="0" tag="780"><subfield code="t">Dayton CIO news</subfield><subfield code="w">(DLC)sn 84025695</subfield></datafield></record>